<?xml version="1.0" encoding="UTF-8"?><record xmlns="http://www.loc.gov/MARC21/slim" xmlns:cinclude="http://apache.org/cocoon/include/1.0" xmlns:zs="http://www.loc.gov/zing/srw/">
  <leader>00536nz  a2200145n  4500</leader>
  <controlfield tag="001">no2010155825</controlfield>
  <controlfield tag="003">DLC</controlfield>
  <controlfield tag="005">20100926075210.0</controlfield>
  <controlfield tag="008">100924n| acannaabn          |n aaa     c</controlfield>
  <datafield tag="010" ind1=" " ind2=" ">
    <subfield code="a">no2010155825</subfield>
  </datafield>
  <datafield tag="035" ind1=" " ind2=" ">
    <subfield code="a">(OCoLC)oca08636016</subfield>
  </datafield>
  <datafield tag="040" ind1=" " ind2=" ">
    <subfield code="a">NRU-Mus</subfield>
    <subfield code="b">eng</subfield>
    <subfield code="c">NRU-Mus</subfield>
  </datafield>
  <datafield tag="100" ind1="1" ind2=" ">
    <subfield code="a">Garofalo, Ashley,</subfield>
    <subfield code="d">1986-</subfield>
  </datafield>
  <datafield tag="670" ind1=" " ind2=" ">
    <subfield code="a">Danyew, S. Steve Danyew, composition [SR] 2010:</subfield>
    <subfield code="b">notes (Ashley Garofalo, piano)</subfield>
  </datafield>
  <datafield tag="670" ind1=" " ind2=" ">
    <subfield code="a">Electronic communication from Eastman School of Music Registrar's Office, June 9, 2010</subfield>
    <subfield code="b">(Garofalo, Ashley Morgan; b. Nov. 13, 1986)</subfield>
  </datafield>
</record>